@article{wu14,
author = {Jie Wu and Christoph Jansen and Maximilian Beier and Michael Witt and Dagmar Krefting},
title = {Extending XNAT towards a Cloud-based Quality Assessment Platform for Retinal
Optical Coherence Tomographies},
journal = {IEEE Publications, Chicago, USA},
year = {2014}
}

@inproceedings{shahand13,
author = {Shayan Shahand and Ammar Benabdelkader and Jordi Huguet and Mahdi Jaghouri and Mark Santcroos and Mostapha al Mourabit and Paul F.C. Groot and Matthan W.A. Caan and Antoine H.C. van Kampen and Silvia D. Olabarriaga},
title = {A Data-Centric Science Gateway for Computational Neuroscience},
booktitle = { Proceedings of the 5th International Workshop on Science Gateways, Zurich, Switzerland},
year = {2013}
}

@inproceedings{krefting13,
author = {Dagmar Krefting and Alexander Blau and Andrea Rodenbeck and Jie Wu and Johannes Drepper and René Siewert and Sebastian Canisius and Martin Glos and Marian Harbach and Mathew Smith and David Oswald},
title = {Somnonetz - Eine digitale Lösung zur schlafmedizinischen Qualitätssicherung},
booktitle = {GMDS 2013 58. Jahrestagung der Deutschen Gesellschaft für Medizinische Informatik, Biometrie und Epidemiologie, L\"ubeck, Germany},
year = {2013}
}

@misc{somnocqrs,
author = {Christoph Jansen},
title = {SOMNO CQRS Workflow},
howpublished = "\url{http://repo-test.cpc.wmin.ac.uk/shiwa-repo/public/details-view.xhtml?appid=5254}",
year = {2014}
}

@misc{somnocqrsdl,
author = {Christoph Jansen},
title = {SOMNO CQRS DL Workflow},
howpublished = "\url{http://repo-test.cpc.wmin.ac.uk/shiwa-repo/public/details-view.xhtml?appid=5253}",
year = {2014}
}

@misc{somnocqrsone,
author = {Christoph Jansen},
title = {SOMNO CQRS ONE Workflow},
howpublished = "\url{http://repo-test.cpc.wmin.ac.uk/shiwa-repo/public/details-view.xhtml?appid=5255}",
year = {2014}
}

@article{balasko13,
author = {Akos Balasko and Zoltan Farkas and Peter Kacsuk},
title = {BUILDING SCIENCE GATEWAYS BY UTILIZING THE GENERIC WS-PGRADE/GUSE WORKFLOW SYSTEM},
journal = {Computer Science},
volume = {14},
issue = {2},
year = {2013}
}